<?xml version="1.0" encoding="UTF-8"?><collection xmlns="http://www.loc.gov/MARC21/slim"><record><leader>00402nam--2200133-i-4500</leader><controlfield tag="001">000016063</controlfield><controlfield tag="002">20161230</controlfield><controlfield tag="005">20161230201031</controlfield><controlfield tag="008">060222s1000------------r-----000-0-eng-d</controlfield><datafield ind1=" " ind2=" " tag="080"><subfield code="a">531.19</subfield></datafield><datafield ind1=" " ind2=" " tag="245"><subfield code="a">Statistical mechanics foundations and applications. proccedings of the i.u.p.a.p. meeting, copenhagen, 1966</subfield></datafield><datafield ind1=" " ind2=" " tag="260"><subfield code="a">New York, W.A.Benjamin,Inc., 1967 582 P</subfield></datafield><datafield ind1=" " ind2=" " tag="700"><subfield code="a">Bak, Thor.A</subfield></datafield><datafield ind1=" " ind2=" " tag="852"><subfield code="a">76777</subfield></datafield></record></collection>